@MISC{KNOT,
  author =        "Jaroslav Dytrych",
  title =         "{\it KNOT Group Tasks}",
  howpublished =  "FIT VUT v Brně",
  url =           "https://merlin.fit.vutbr.cz/wiki/index.php/KNOT_Group_Tasks",
  note =          "[Online; navštíveno 09.04.2018]"
}

@MISC{ATOM,
  title =         "{\it Atom (Web standard)}",
  howpublished =  "Wikipedia, The Free Encyclopedia",
  url =           "https://en.wikipedia.org/wiki/Atom_(Web_standard)",
  note =          "[Online; navštíveno 10.04.2018]"
}

@MISC{RSS,
  title =         "{\it RSS}",
  howpublished =  "Wikipedia, The Free Encyclopedia",
  url =           "https://en.wikipedia.org/w/index.php?title=RSS&oldid=815481176",
  note =          "[Online; navštíveno 10.04.2018]"
}

@MISC{ATOM_VS_RSS,
  author =        "Ben Joan",
  title =         "{\it Difference Between RSS and ATOM}",
  howpublished =  "DifferenceBetween.net",
  url =           "http://www.differencebetween.net/technology/difference-between-rss-and-atom/",
  note =          "[Online; navštíveno 10.04.2018]"
}

@MISC{URLLIB,
  title =         "{\it urllib -- URL handling modules}",
  howpublished =  "Python Software Foundation",
  url =           "https://docs.python.org/3.5/library/urllib.html",
  note =          "[Online; navštíveno 10.04.2018]"
}

@MISC{WGET,
  title =         "{\it GNU Wget}",
  howpublished =  "Free Software Foundation, Inc",
  url =           "https://www.gnu.org/software/wget/",
  note =          "[Online; navštíveno 10.04.2018]"
}

@MISC{NEWSBRIEF,
  author =        "Miroslav Karásek",
  title =         "{\it Newsbrief eu}",
  howpublished =  "FIT VUT v Brně",
  url =           "https://knot.fit.vutbr.cz/wiki/index.php/Newsbrief_eu",
  note =          "[Online; navštíveno 10.04.2018]"
}

@MISC{GZIP_VS_XZ,
  title =         "{\it Gzip vs Bzip2 vs XZ Performance Comparison}",
  howpublished =  "RootUsers",
  url =           "https://www.rootusers.com/gzip-vs-bzip2-vs-xz-performance-comparison/",
  note =          "[Online; navštíveno 10.04.2018]"
}

@MISC{W3TECHS,
  title =         "{\it Usage of character encodings for websites}",
  howpublished =  "W3Techs -- World Wide Web Technology Surveys",
  url =           "https://w3techs.com/technologies/overview/character_encoding/all",
  note =          "[Online; navštíveno 11.04.2018]"
}

@MISC{ADBLOCK,
  title =         "{\it Writing Adblock Plus filters}",
  howpublished =  "eyeo GmbH",
  url =           "https://adblockplus.org/en/filters",
  note =          "[Online; navštíveno 11.04.2018]"
}

@MISC{BEATIFULSOUP,
  author =        "Leonard Richardson",
  title =         "{\it Beautiful Soup Documentation}",
  howpublished =  "Crummy",
  url =           "https://www.crummy.com/software/BeautifulSoup/bs4/doc/",
  note =          "[Online; navštíveno 11.04.2018]"
}

@MISC{MYHTML,
  author =        "Alexander Borisov",
  title =         "{\it MyHTML -- a pure C HTML parser}",
  howpublished =  "Free Software Foundation",
  url =           "https://github.com/lexborisov/myhtml",
  note =          "[Online; navštíveno 11.04.2018]"
}

@MISC{JUSTEXT,
  author =        "Mišo Belica",
  title =         "{\it jusText algorithm}",
  howpublished =  "Faculty of Informatics Masaryk University",
  url =           "http://corpus.tools/wiki/Justext",
  note =          "[Online; navštíveno 13.04.2018]"
}

@MISC{JUSTEXT_ALG,
  author =        "Mišo Belica",
  title =         "{\it jusText}",
  howpublished =  "Faculty of Informatics Masaryk University",
  url =           "http://corpus.tools/wiki/Justext/Algorithm",
  note =          "[Online; navštíveno 13.04.2018]"
}